@InProceedings{maas:2011,
  author    = {Maas, Andrew L.  and  Daly, Raymond E.  and  Pham, Peter T.  and  Huang, Dan  and  Ng, Andrew Y.  and  Potts, Christopher},
  title     = {Learning Word Vectors for Sentiment Analysis},
  booktitle = {Proceedings of the 49th Annual Meeting of the Association for Computational Linguistics: Human Language Technologies},
  month     = {June},
  year      = {2011},
  address   = {Portland, Oregon, USA},
  publisher = {Association for Computational Linguistics},
  pages     = {142--150},
  url       = {http://www.aclweb.org/anthology/P11-1015}
}
@misc{Manning:2008,
  author = {Manning, Christopher D. and Raghavan, Prabhakar and Sch√ºtze, Hinrich},
  title = {Introduction to Information Retrieval},
  year = 2008,
  url = {https://nlp.stanford.edu/IR-book/},
  urldate = {2018-12-14}
}
@book{Bird:2009,
 author = {Bird, Steven and Klein, Ewan and Loper, Edward},
 title = {Natural Language Processing with Python},
 year = {2009},
 isbn = {0596516495, 9780596516499},
 edition = {1st},
 publisher = {O'Reilly Media, Inc.},
} 

[download] 